<record><leader>00000cas a22000007a 4500</leader><controlfield tag="001">16905316</controlfield><controlfield tag="008">871027d18871924inuwr ne      0    0eng d</controlfield><datafield ind1=" " ind2=" " tag="010"><subfield code="a">sn 87056385 </subfield></datafield><datafield ind1=" " ind2=" " tag="040"><subfield code="a">NPI</subfield><subfield code="b">eng</subfield><subfield code="c">NPI</subfield><subfield code="d">OCLCQ</subfield></datafield><datafield ind1=" " ind2=" " tag="042"><subfield code="a">msc</subfield></datafield><datafield ind1="0" ind2=" " tag="130"><subfield code="a">Independent (Waveland, Ind.)</subfield></datafield><datafield ind1="1" ind2="4" tag="245"><subfield code="a">The independent.</subfield></datafield><datafield ind1="3" ind2="0" tag="246"><subfield code="a">Waveland independent</subfield></datafield><datafield ind1=" " ind2=" " tag="260"><subfield code="a">Waveland, Ind. :</subfield><subfield code="b">Charles Scott,</subfield><subfield code="c">-1924.</subfield></datafield><datafield ind1=" " ind2=" " tag="300"><subfield code="a">v.</subfield></datafield><datafield ind1=" " ind2=" " tag="310"><subfield code="a">Weekly</subfield></datafield><datafield ind1="1" ind2=" " tag="362"><subfield code="a">Began in Apr. 1887?</subfield></datafield><datafield ind1="0" ind2=" " tag="362"><subfield code="a">-v. 38, no. 7 (Feb. 15, 1924).</subfield></datafield><datafield ind1=" " ind2=" " tag="500"><subfield code="a">Also published as: The Waveland independent, &lt;Mar. 27-Apr. 17, 1896&gt;.</subfield></datafield><datafield ind1=" " ind2=" " tag="588"><subfield code="a">Description based on: Vol. 3, no. 3 (May 5, 1888).</subfield></datafield><datafield ind1=" " ind2=" " tag="588"><subfield code="a">Latest issue consulted: Vol. 34, no. 18 (May 2, 1919).</subfield></datafield><datafield ind1=" " ind2=" " tag="752"><subfield code="a">United States</subfield><subfield code="b">Indiana</subfield><subfield code="c">Montgomery</subfield><subfield code="d">Waveland.</subfield></datafield><datafield ind1="0" ind2="0" tag="780"><subfield code="t">Waveland call</subfield><subfield code="w">(DLC)sn 87056678</subfield></datafield><datafield ind1="0" ind2="0" tag="785"><subfield code="t">Waveland independent</subfield><subfield code="w">(DLC)sn 87055438</subfield></datafield></record>